<?xml version="1.0" encoding="UTF-8"?><collection xmlns="http://www.loc.gov/MARC21/slim"><record><leader>00619nam--2200205-i-4500</leader><controlfield tag="001">000017808</controlfield><controlfield tag="002">20161230</controlfield><controlfield tag="005">20161230201032</controlfield><controlfield tag="008">060222s1000------------r-----000-0-eng-d</controlfield><datafield ind1=" " ind2=" " tag="020"><subfield code="a">0080216056</subfield></datafield><datafield ind1=" " ind2=" " tag="040"><subfield code="a">IFIN-HH</subfield></datafield><datafield ind1=" " ind2=" " tag="080"><subfield code="a">539.164.5/6:539.144.3:539.184.3</subfield></datafield><datafield ind1="1" ind2=" " tag="100"><subfield code="a">Andersen, H.H</subfield></datafield><datafield ind1="1" ind2="0" tag="245"><subfield code="a">Hydrogen stopping powers and ranges in all elements</subfield><subfield code="b">Volume 3 the stopping and ranges of ions in matter</subfield></datafield><datafield ind1=" " ind2=" " tag="260"><subfield code="a">New York</subfield><subfield code="b">Pergamon Press</subfield><subfield code="c">1977</subfield></datafield><datafield ind1=" " ind2=" " tag="300"><subfield code="a">317 P</subfield></datafield><datafield ind1=" " ind2=" " tag="490"><subfield code="a">The Stopping And Ranges Of Ions In Matter</subfield></datafield><datafield ind1="1" ind2=" " tag="700"><subfield code="a">Zeigler, J.F</subfield></datafield><datafield ind1=" " ind2=" " tag="852"><subfield code="a">47013</subfield><subfield code="c">539</subfield></datafield><datafield ind1=" " ind2=" " tag="CAT"><subfield code="a">Sys</subfield><subfield code="c">20111012</subfield><subfield code="h">104554</subfield></datafield></record></collection>